% This file was created with Citavi 6.10.0.0


@misc{wiki.serverbrowser,
 author = {Community},
 year = {13.09.2022},
 title = {Server browser},
 url = {https://squad.fandom.com/wiki/Server_browser},
 urldate = {13.09.2022}
}


@misc{steampage,
 author = {Offworld Industries},
 year = {13.09.2022},
 title = {Steam page},
 url = {https://store.steampowered.com/app/393380/Squad/},
 urldate = {13.09.2022}
}


